@inproceedings{agile_bots::chignoli2021humanoid,
  title={The MIT humanoid robot: Design, motion planning, and control for acrobatic behaviors},
  author={Chignoli, Matthew and Kim, Donghyun and Stanger-Jones, Elijah and Kim, Sangbae},
  booktitle={2020 IEEE-RAS 20th International Conference on Humanoid Robots (Humanoids)},
  pages={1--8},
  year={2021},
  organization={IEEE}
}

@inproceedings{agile_bots::katz2019mini,
  title={Mini cheetah: A platform for pushing the limits of dynamic quadruped control},
  author={Katz, Benjamin and Di Carlo, Jared and Kim, Sangbae},
  booktitle={2019 IEEE ICRA},
  pages={6295--6301},
  year={2019},
  organization={IEEE}
}

@inproceedings{agile_bots::seok2013design,
  title={Design principles for highly efficient quadrupeds and implementation on the MIT Cheetah robot},
  author={Seok, Sangok and Wang, Albert and Chuah, Meng Yee and Otten, David and Lang, Jeffrey and Kim, Sangbae},
  booktitle={2013 IEEE International Conference on Robotics and Automation},
  pages={3307--3312},
  year={2013},
  organization={IEEE}
}

@inproceedings{agile_bots::bledt2018cheetah,
  title={Mit cheetah 3: Design and control of a robust, dynamic quadruped robot},
  author={Bledt, Gerardo and Powell, Matthew J and Katz, Benjamin and Di Carlo, Jared and Wensing, Patrick M and Kim, Sangbae},
  booktitle={2018 IEEE/RSJ International Conference on Intelligent Robots and Systems (IROS)},
  pages={2245--2252},
  year={2018},
  organization={IEEE}
}

@inproceedings{agile_bots::nguyen2019optimized,
  title={Optimized jumping on the mit cheetah 3 robot},
  author={Nguyen, Quan and Powell, Matthew J and Katz, Benjamin and Di Carlo, Jared and Kim, Sangbae},
  booktitle={2019 International Conference on Robotics and Automation (ICRA)},
  pages={7448--7454},
  year={2019},
  organization={IEEE}
}

@article{agile_bots::wensing2017proprioceptive,
  title={Proprioceptive actuator design in the mit cheetah: Impact mitigation and high-bandwidth physical interaction for dynamic legged robots},
  author={Wensing, Patrick M and Wang, Albert and Seok, Sangok and Otten, David and Lang, Jeffrey and Kim, Sangbae},
  journal={Ieee transactions on robotics},
  volume={33},
  number={3},
  pages={509--522},
  year={2017},
  publisher={IEEE}
}

@article{agile_bots::seok2014design,
  title={Design principles for energy-efficient legged locomotion and implementation on the MIT cheetah robot},
  author={Seok, Sangok and Wang, Albert and Chuah, Meng Yee and Hyun, Dong Jin and Lee, Jongwoo and Otten, David M and Lang, Jeffrey H and Kim, Sangbae},
  journal={Ieee/asme transactions on mechatronics},
  volume={20},
  number={3},
  pages={1117--1129},
  year={2014},
  publisher={IEEE}
}

@article{agile_bots::roscia2023orientation,
  title={Orientation Control System: Enhancing Aerial Maneuvers for Quadruped Robots},
  author={Roscia, Francesco and Cumerlotti, Andrea and Del Prete, Andrea and Semini, Claudio and Focchi, Michele},
  journal={Sensors},
  volume={23},
  number={3},
  pages={1234},
  year={2023},
  publisher={Multidisciplinary Digital Publishing Institute}
}

@article{agile_bots::zhou2022momentum,
  title={Momentum-aware trajectory optimization and control for agile quadrupedal locomotion},
  author={Zhou, Ziyi and Wingo, Bruce and Boyd, Nathan and Hutchinson, Seth and Zhao, Ye},
  journal={IEEE Robotics and Automation Letters},
  volume={7},
  number={3},
  pages={7755--7762},
  year={2022},
  publisher={IEEE}
}

