@inproceedings{gilroy2021autonomous,
  title={Autonomous navigation for quadrupedal robots with optimized jumping through constrained obstacles},
  author={Gilroy, Scott and Lau, Derek and Yang, Lizhi and Izaguirre, Ed and Biermayer, Kristen and Xiao, Anxing and Sun, Mengti and Agrawal, Ayush and Zeng, Jun and Li, Zhongyu and others},
  booktitle={2021 IEEE 17th International Conference on Automation Science and Engineering (CASE)},
  pages={2132--2139},
  year={2021},
  organization={IEEE}
}

@inproceedings{agile_bots::chignoli2021humanoid,
  title={The MIT humanoid robot: Design, motion planning, and control for acrobatic behaviors},
  author={Chignoli and others},
  booktitle={2020 IEEE-RAS 20th ICHR (Humanoids)},
  pages={1--8},
  year={2021},
  organization={IEEE}
}

@inproceedings{agile_bots::shen2020optimized,
  title={Optimized jumping of an articulated robotic leg},
  author={Shen, Junjie and Liu, Yeting and Zhang, Xiaoguang and Hong, Dennis},
  booktitle={2020 17th International Conference on Ubiquitous Robots (UR)},
  pages={205--212},
  year={2020},
  organization={IEEE}
}

@inproceedings{agile_bots::katz2019mini,
  title={Mini cheetah: A platform for pushing the limits of dynamic quadruped control},
  author={Katz and others},
  booktitle={2019 IEEE ICRA},
  pages={6295--6301},
  year={2019},
  organization={IEEE}
}

@inproceedings{agile_bots::ding2017design,
  title={Design and experimental implementation of a quasi-direct-drive leg for optimized jumping},
  author={Ding, Yanran and Park, Hae-Won},
  booktitle={2017 IEEE/RSJ International Conference on Intelligent Robots and Systems (IROS)},
  pages={300--305},
  year={2017},
  organization={IEEE}
}

@inproceedings{agile_bots::seok2013design,
  title={Design principles for highly efficient quadrupeds and implementation on the MIT Cheetah robot},
  author={Seok, Sangok and Wang, Albert and Chuah, Meng Yee and Otten, David and Lang, Jeffrey and Kim, Sangbae},
  booktitle={2013 IEEE International Conference on Robotics and Automation},
  pages={3307--3312},
  year={2013},
  organization={IEEE}
}

@inproceedings{agile_bots::bledt2018cheetah,
  title={Mit cheetah 3: Design and control of a robust, dynamic quadruped robot},
  author={Bledt, Gerardo and Powell, Matthew J and Katz, Benjamin and Di Carlo, Jared and Wensing, Patrick M and Kim, Sangbae},
  booktitle={2018 IEEE/RSJ International Conference on Intelligent Robots and Systems (IROS)},
  pages={2245--2252},
  year={2018},
  organization={IEEE}
}

@inproceedings{agile_bots::nguyen2019optimized,
  title={Optimized jumping on the mit cheetah 3 robot},
  author={Nguyen and others},
  booktitle={2019 IEEE ICRA},
  pages={7448--7454},
  year={2019},
  organization={IEEE}
}

@article{agile_bots::wensing2017proprioceptive,
  title={Proprioceptive actuator design in the mit cheetah: Impact mitigation and high-bandwidth physical interaction for dynamic legged robots},
  author={Wensing, Patrick M and Wang, Albert and Seok, Sangok and Otten, David and Lang, Jeffrey and Kim, Sangbae},
  journal={Ieee transactions on robotics},
  volume={33},
  number={3},
  pages={509--522},
  year={2017},
  publisher={IEEE}
}

@article{agile_bots::seok2014design,
  title={Design principles for energy-efficient legged locomotion and implementation on the MIT cheetah robot},
  author={Seok, Sangok and Wang, Albert and Chuah, Meng Yee and Hyun, Dong Jin and Lee, Jongwoo and Otten, David M and Lang, Jeffrey H and Kim, Sangbae},
  journal={Ieee/asme transactions on mechatronics},
  volume={20},
  number={3},
  pages={1117--1129},
  year={2014},
  publisher={IEEE}
}

@article{agile_bots::roscia2023orientation,
  title={Orientation Control System: Enhancing Aerial Maneuvers for Quadruped Robots},
  author={Roscia and others},
  journal={Sensors},
  volume={23},
  number={3},
  pages={1234},
  year={2023},
  publisher={Multidisciplinary Digital Publishing Institute}
}

@article{agile_bots::zhou2022momentum,
  title={Momentum-aware trajectory optimization and control for agile quadrupedal locomotion},
  author={Zhou, Ziyi and Wingo, Bruce and Boyd, Nathan and Hutchinson, Seth and Zhao, Ye},
  journal={IEEE Robotics and Automation Letters},
  volume={7},
  number={3},
  pages={7755--7762},
  year={2022},
  publisher={IEEE}
}

@misc{agile_bots::atlas_gets_grip,
ALTauthor = {Boston Dynamics},
ALTeditor = {editor},
title = {Atlas Gets a Grip},
date = {23/02/2023},
month="Feb. 23,",
year="2023 [Online]",
howpublished  = "YouTube", 
}

@article{agile_bots::hawkes2022engineered,
  title={Engineered jumpers overcome biological limits via work multiplication},
  author={Hawkes and others},
  journal={Nature},
  volume={604},
  number={7907},
  pages={657--661},
  year={2022},
  publisher={Nature Publishing Group UK London}
}

@article{agile_bots::haldane2016robotic,
  title={Robotic vertical jumping agility via series-elastic power modulation},
  author={Haldane, Duncan W and Plecnik, Mark M and Yim, Justin K and Fearing, Ronald S},
  journal={Science Robotics},
  volume={1},
  number={1},
  pages={eaag2048},
  year={2016},
  publisher={American Association for the Advancement of Science}
}

%%%%%%%%%%%%%%%%%%%
@inproceedings{agile_bots::chignoli2021online,
  title={Online trajectory optimization for dynamic aerial motions of a quadruped robot},
  author={Chignoli, Matthew and Kim, Sangbae},
  booktitle={2021 IEEE International Conference on Robotics and Automation (ICRA)},
  pages={7693--7699},
  year={2021},
  organization={IEEE}
}

@article{agile_bots::carius2019trajectory,
  title={Trajectory optimization for legged robots with slipping motions},
  author={Carius, Jan and Ranftl, Ren{\'e} and Koltun, Vladlen and Hutter, Marco},
  journal={IEEE Robotics and Automation Letters},
  volume={4},
  number={3},
  pages={3013--3020},
  year={2019},
  publisher={IEEE}
}

@article{agile_bots::neunert2017trajectory,
  title={Trajectory optimization through contacts and automatic gait discovery for quadrupeds},
  author={Neunert, Michael and Farshidian, Farbod and Winkler, Alexander W and Buchli, Jonas},
  journal={IEEE Robotics and Automation Letters},
  volume={2},
  number={3},
  pages={1502--1509},
  year={2017},
  publisher={IEEE}
}

@article{agile_bots::winkler2018gait,
  title={Gait and trajectory optimization for legged systems through phase-based end-effector parameterization},
  author={Winkler, Alexander W and Bellicoso, C Dario and Hutter, Marco and Buchli, Jonas},
  journal={IEEE Robotics and Automation Letters},
  volume={3},
  number={3},
  pages={1560--1567},
  year={2018},
  publisher={IEEE}
}

@inproceedings{agile_bots::hutter2016anymal,
  title={Anymal-a highly mobile and dynamic quadrupedal robot},
  author={Hutter and others},
  booktitle={2016 IEEE/RSJ IROS},
  pages={38--44},
  year={2016},
  organization={IEEE}
}

