@article{biomech::ruina2005collisional,
	title={A collisional model of the energetic cost of support work qualitatively explains leg sequencing in walking and galloping, pseudo-elastic leg behavior in running and the walk-to-run transition},
	author={Ruina, Andy and Bertram, John EA and Srinivasan, Manoj},
	journal={Journal of theoretical biology},
	volume={237},
	number={2},
	pages={170--192},
	year={2005},
	publisher={Elsevier}
}


@article{biomech::anderson1993storage,
  title={Storage and utilization of elastic strain energy during jumping},
  author={Anderson, Frank C and Pandy, Marcus G},
  journal={Journal of biomechanics},
  volume={26},
  number={12},
  pages={1413--1427},
  year={1993},
  publisher={Elsevier}
}

@article{biomech::konow2012muscle,
	title={Muscle power attenuation by tendon during energy dissipation},
	author={Konow, Nicolai and Azizi, Emanuel and Roberts, Thomas J},
	journal={Proceedings of the Royal Society B: Biological Sciences},
	volume={279},
	number={1731},
	pages={1108--1113},
	year={2012},
	publisher={The Royal Society}
}

@article{biomech::biewener1981elastic,
  title={Elastic energy storage in the hopping of kangaroo rats (Dipodomys spectabilis)},
  author={Biewener and others},
  journal={Journal of Zoology},
  volume={195},
  number={3},
  pages={369--383},
  year={1981},
  publisher={Blackwell Publishing Ltd Oxford, UK}
}

@article{biomech::biewener1998muscle,
  title={Muscle-tendon stresses and elastic energy storage during locomotion in the horse},
  author={Biewener, Andrew A},
  journal={Comparative Biochemistry and Physiology Part B: Biochemistry and Molecular Biology},
  volume={120},
  number={1},
  pages={73--87},
  year={1998},
  publisher={Elsevier}
}


@inproceedings{biomech::hyon2002development,
  title={Development of a biologically inspired hopping robot-" Kenken"},
  author={Hyon, Sang-Ho and Mita, Tsutomu},
  booktitle={Proceedings 2002 IEEE International Conference on Robotics and Automation (Cat. No. 02CH37292)},
  volume={4},
  pages={3984--3991},
  year={2002},
  organization={IEEE}
}

@article{biomech::cui2021human,
  title={Human inspired fall arrest strategy for humanoid robots based on stiffness ellipsoid optimisation},
  author={Cui, Da and Peers, Christopher and Wang, Guoqiang and Chen, Zeren and Richardson, Robert and Zhou, Chengxu},
  journal={Bioinspiration \& biomimetics},
  volume={16},
  number={5},
  pages={056014},
  year={2021},
  publisher={IOP Publishing}
}
