@inproceedings{cart_imp::hogan1984impedance,
	title={Impedance control: An approach to manipulation},
	author={Hogan, Neville},
	booktitle={1984 American control conference},
	pages={304--313},
	year={1984},
	organization={IEEE}
}

@inproceedings{cart_imp::albu2003cartesian,
	title={Cartesian impedance control of redundant robots: Recent results with the DLR-light-weight-arms},
	author={Albu-Schaffer, Alin and Ott, Christian and Frese, Udo and Hirzinger, Gerd},
	booktitle={2003 IEEE International conference on robotics and automation (Cat. No. 03CH37422)},
	volume={3},
	pages={3704--3709},
	year={2003},
	organization={IEEE}
}

@article{cart_imp::saab2013dynamic,
  title={Dynamic whole-body motion generation under rigid contacts and other unilateral constraints},
  author={Saab, Layale and Ramos, Oscar E and Keith, Fran{\c{c}}ois and Mansard, Nicolas and Soueres, Philippe and Fourquet, Jean-Yves},
  journal={IEEE Transactions on Robotics},
  volume={29},
  number={2},
  pages={346--362},
  year={2013},
  publisher={IEEE}
}

@article{cart_imp::ficuciello2015variable,
	title={Variable impedance control of redundant manipulators for intuitive human--robot physical interaction},
	author={Ficuciello, Fanny and Villani, Luigi and Siciliano, Bruno},
	journal={IEEE Transactions on Robotics},
	volume={31},
	number={4},
	pages={850--863},
	year={2015},
	publisher={IEEE}
}

@inproceedings{cart_imp::hoffman2018multi,
	title={Multi-priority cartesian impedance control based on quadratic programming optimization},
	author={Hoffman, Enrico Mingo and Laurenzi, Arturo and Muratore, Luca and Tsagarakis, Nikos G and Caldwell, Darwin G},
	booktitle={2018 IEEE International Conference on Robotics and Automation (ICRA)},
	pages={309--315},
	year={2018},
	organization={IEEE}
}




