@book{foc::krause2013analysis,
	title={Analysis of electric machinery and drive systems},
	author={Krause and others},
	volume={75},
	year={2013},
	publisher={John Wiley \& Sons}
}
