@inproceedings{force_estimation::de2008exploiting,
  title={Exploiting robot redundancy in collision detection and reaction},
  author={De Luca, Alessandro and Ferrajoli, Lorenzo},
  booktitle={2008 IEEE/RSJ international conference on intelligent robots and systems},
  pages={3299--3305},
  year={2008},
  organization={IEEE}
}

@inproceedings{force_estimation::tian2016sensorless,
  title={Sensorless collision detection and contact force estimation for collaborative robots based on torque observer},
  author={Tian, Yingzhong and Chen, Zhi and Jia, Tinggang and Wang, Aiguo and Li, Long},
  booktitle={2016 IEEE international conference on robotics and biomimetics (ROBIO)},
  pages={946--951},
  year={2016},
  organization={IEEE}
}

@inproceedings{force_estimation::vorndamme2017collision,
  title={Collision detection, isolation and identification for humanoids},
  author={Vorndamme, Jonathan and Schappler, Moritz and Haddadin, Sami},
  booktitle={2017 IEEE International Conference on Robotics and Automation (ICRA)},
  pages={4754--4761},
  year={2017},
  organization={IEEE}
}

@article{force_estimation::haddadin2017robot,
  title={Robot collisions: A survey on detection, isolation, and identification},
  author={Haddadin, Sami and De Luca, Alessandro and Albu-Sch{\"a}ffer, Alin},
  journal={IEEE Transactions on Robotics},
  volume={33},
  number={6},
  pages={1292--1312},
  year={2017},
  publisher={IEEE}
}

@inproceedings{force_estimation::briquet2017generalized,
  title={Generalized momentum based-observer for robot impact detectionâ€”Insights and guidelines under characterized uncertainties},
  author={Briquet-Kerestedjian, Nolwenn and Makarov, Maria and Grossard, Mathieu and Rodriguez-Ayerbe, Pedro},
  booktitle={2017 IEEE Conference on Control Technology and Applications (CCTA)},
  pages={1282--1287},
  year={2017},
  organization={IEEE}
}

@inproceedings{force_estimation::bledt2018contact,
  title={Contact model fusion for event-based locomotion in unstructured terrains},
  author={Bledt, Gerardo and Wensing, Patrick M and Ingersoll, Sam and Kim, Sangbae},
  booktitle={2018 IEEE International Conference on Robotics and Automation (ICRA)},
  pages={4399--4406},
  year={2018},
  organization={IEEE}
}

@article{force_estimation::han2019collision,
  title={Collision detection and coordinated compliance control for a dual-arm robot without force/torque sensing based on momentum observer},
  author={Han, Liang and Xu, Wenfu and Li, Bing and Kang, Peng},
  journal={IEEE/ASME Transactions on Mechatronics},
  volume={24},
  number={5},
  pages={2261--2272},
  year={2019},
  publisher={IEEE}
}

@article{force_estimation::morlando2021whole,
  title={Whole-body control with disturbance rejection through a momentum-based observer for quadruped robots},
  author={Morlando, Viviana and Teimoorzadeh, Ainoor and Ruggiero, Fabio},
  journal={Mechanism and Machine Theory},
  volume={164},
  pages={104412},
  year={2021},
  publisher={Elsevier}
}

@inproceedings{force_estimation::iskandar2021collision,
  title={Collision detection, identification, and localization on the dlr sara robot with sensing redundancy},
  author={Iskandar, Maged and Eiberger, Oliver and Albu-Sch{\"a}ffer, Alin and De Luca, Alessandro and Dietrich, Alexander},
  booktitle={2021 IEEE International Conference on Robotics and Automation (ICRA)},
  pages={3111--3117},
  year={2021},
  organization={IEEE}
}

@article{force_estimation::li2021nonlinear,
  title={A nonlinear momentum observer for sensorless robot collision detection under model uncertainties},
  author={Li, Yi and Li, Yanhui and Zhu, Mingchao and Xu, Zhenbang and Mu, Deqiang},
  journal={Mechatronics},
  volume={78},
  pages={102603},
  year={2021},
  publisher={Elsevier}
}

@article{force_estimation::long2022novel,
  title={A Novel Sliding Mode Momentum Observer for Collaborative Robot Collision Detection},
  author={Long, Shike and Dang, Xuanju and Sun, Shanlin and Wang, Yongjun and Gui, Mingzhen},
  journal={Machines},
  volume={10},
  number={9},
  pages={818},
  year={2022},
  publisher={MDPI}
}
