@article{hybridloc:medeiros2020trajectory,
	title={Trajectory optimization for wheeled-legged quadrupedal robots driving in challenging terrain},
	author={Medeiros, Vivian S and Jelavic, Edo and Bjelonic, Marko and Siegwart, Roland and Meggiolaro, Marco A and Hutter, Marco},
	journal={IEEE Robotics and Automation Letters},
	volume={5},
	number={3},
	pages={4172--4179},
	year={2020},
	publisher={IEEE}
}

@article{hybridloc:bjelonic2020rolling,
	title={Rolling in the deep--hybrid locomotion for wheeled-legged robots using online trajectory optimization},
	author={Bjelonic, Marko and Sankar, Prajish K and Bellicoso, C Dario and Vallery, Heike and Hutter, Marco},
	journal={IEEE Robotics and Automation Letters},
	volume={5},
	number={2},
	pages={3626--3633},
	year={2020},
	publisher={IEEE}
}

@inproceedings{hybridloc::klemm2019ascento,
	title={Ascento: A two-wheeled jumping robot},
	author={Klemm, Victor and Morra, Alessandro and Salzmann, Ciro and Tschopp, Florian and Bodie, Karen and Gulich, Lionel and K{\"u}ng, Nicola and Mannhart, Dominik and Pfister, Corentin and Vierneisel, Marcus and others},
	booktitle={2019 International Conference on Robotics and Automation (ICRA)},
	pages={7515--7521},
	year={2019},
	organization={IEEE}
}

@online{hybridloc::ascento2022,
	author={Ascento},
	title = {This is Ascento Pro},
	url = {https://www.youtube.com/watch?v=Uxt2wTI0m5o},
}

@article{hybridloc::sun2020towards,
	title={Towards more possibilities: Motion planning and control for hybrid locomotion of wheeled-legged robots},
	author={Sun, Jingyuan and You, Yangwei and Zhao, Xuran and Adiwahono, Albertus Hendrawan and Chew, Chee Meng},
	journal={IEEE Robotics and Automation Letters},
	volume={5},
	number={2},
	pages={3723--3730},
	year={2020},
	publisher={IEEE}
}
