@article{impact_dyn::zheng1985mathematical,
  title={Mathematical modeling of a robot collision with its environment},
  author={Zheng, Yuan-Fang and Hemami, Hooshang},
  journal={Journal of Robotic Systems},
  volume={2},
  number={3},
  pages={289--307},
  year={1985},
  publisher={Wiley Online Library}
}


@article{impact_dyn::walker1994impact,
  title={Impact configurations and measures for kinematically redundant and multiple armed robot systems},
  author={Walker, Ian D},
  journal={IEEE transactions on robotics and automation},
  volume={10},
  number={5},
  pages={670--683},
  year={1994},
  publisher={IEEE}
}

@inproceedings{impact_dyn::barcio1994impact,
  title={Impact ellipsoids and measures for robot manipulators},
  author={Barcio, Bernard T and Walker, Ian D},
  booktitle={Proceedings of the 1994 IEEE International Conference on Robotics and Automation},
  pages={1588--1594},
  year={1994},
  organization={IEEE}
}

@inproceedings{impact_dyn::walker1990use,
  title={The use of kinematic redundancy in reducing impact and contact effects in manipulation},
  author={Walker, Ian D},
  booktitle={Proceedings., IEEE ICRA},
  pages={434--439},
  year={1990},
  organization={IEEE}
}

@article{impact_dyn::gertz1991exploiting,
  title={Exploiting redundancy to reduce impact force},
  author={Gertz, Matthew W and Kim, Jin-Oh and Khosla, Pradeep},
  year={1991},
  publisher={Carnegie Mellon University}
}

@article{impact_dyn::lin1995impact,
  title={Impact reduction for redundant manipulators using augmented impedance control},
  author={Lin, ZC and Patel, Rajni V and Balafoutis, Constantinos A},
  journal={Journal of Robotic Systems},
  volume={12},
  number={5},
  pages={301--313},
  year={1995},
  publisher={Wiley Online Library}
}

@inproceedings{impact_dyn::kim2000normalized,
  title={Normalized impact geometry and performance index for redundant manipulators},
  author={Kim, Jinhyun and Chung, Wankyun and Youm, Youngil},
  booktitle={Proceedings 2000 ICRA. Millennium Conference. IEEE International Conference on Robotics and Automation. Symposia Proceedings (Cat. No. 00CH37065)},
  volume={2},
  pages={1714--1719},
  year={2000},
  organization={IEEE}
}

@article{impact_dyn::heinzmann2003quantitative,
  title={Quantitative safety guarantees for physical human-robot interaction},
  author={Heinzmann, Jochen and Zelinsky, Alexander},
  journal={The International Journal of Robotics Research},
  volume={22},
  number={7-8},
  pages={479--504},
  year={2003},
  publisher={SAGE Publications}
}

@inproceedings{impact_dyn::rossi2015pre,
  title={A pre-collision control strategy for human-robot interaction based on dissipated energy in potential inelastic impacts},
  author={Rossi, Roberto and Polverini, Matteo Parigi and Zanchettin, Andrea Maria and Rocco, Paolo},
  booktitle={2015 IEEE/RSJ International Conference on Intelligent Robots and Systems (IROS)},
  pages={26--31},
  year={2015},
  organization={IEEE}
}

@article{impact_dyn::hu2017pre,
  title={Pre-impact configuration designing of a robot manipulator for impact minimization},
  author={Hu, Jingchen and Wang, Tianshu},
  journal={Journal of Mechanisms and Robotics},
  volume={9},
  number={3},
  pages={031010},
  year={2017},
  publisher={American Society of Mechanical Engineers}
}

@book{impact_dyn::book,
author = {nguyen ngoc, Son and Brogliato, Bernard},
year = {2018},
month = {06},
pages = {},
title = {Comparisons of Multiple-Impact Laws For Multibody Systems: Moreauâ€™s Law, Binary Impacts, and the LZB Approach}
}

@article{impact_dyn::yan_bin2019batting,
author = {Yan-Bin Jia and Matthew Gardner and Xiaoqian Mu},
title ={Batting an in-flight object to the target},
journal = {The International Journal of Robotics Research},
volume = {38},
number = {4},
pages = {451-485},
year = {2019},
doi = {10.1177/0278364918817116}
}

@INPROCEEDINGS{impact_dyn::aouaj2021postimpact,
  author={Aouaj, Ilias and Padois, Vincent and Saccon, Alessandro},
  booktitle={2021 IEEE International Conference on Robotics and Automation (ICRA)}, 
  title={Predicting the Post-Impact Velocity of a Robotic Arm via Rigid Multibody Models: an Experimental Study}, 
  year={2021},
  volume={},
  number={},
  pages={2264-2271},
  doi={10.1109/ICRA48506.2021.9561768}
}

@inproceedings{impact_dyn::tassi2022impact,
  title={Impact Planning and Pre-configuration based on Hierarchical Quadratic Programming},
  author={Tassi and others},
  booktitle={2022 IEEE ICRA},
  pages={1433--1439},
  year={2022},
  organization={IEEE}
}