@INPROCEEDINGS{friction_comp::le2008friction,
  author={Le Tien and others},
  booktitle={2008 IEEE/RSJ ICRIS}, 
  title={Friction Observer and Compensation for Control of Robots with Joint Torque Measurement}, 
  year={2008},
  volume={},
  number={},
  pages={3789-3795},
  doi={10.1109/IROS.2008.4651049}
}

@inproceedings{friction_comp::le2012adaptive,
	title={Adaptive friction compensation in trajectory tracking control of DLR medical robots with elastic joints},
	author={Le-Tien, Luc and Albu-Sch{\"a}ffer, Alin},
	booktitle={2012 IEEE/RSJ International Conference on Intelligent Robots and Systems},
	pages={1149--1154},
	year={2012},
	organization={IEEE}
}

@inproceedings{friction_comp::zanon2013nonlinear,
	title={Nonlinear moving horizon estimation for combined state and friction coefficient estimation in autonomous driving},
	author={Zanon, Mario and Frasch, Janick V and Diehl, Moritz},
	booktitle={2013 European Control Conference (ECC)},
	pages={4130--4135},
	year={2013},
	organization={IEEE}
}

@inproceedings{friction_comp::zhang2013torque,
	title={Torque estimation technique of robotic joint with harmonic drive transmission},
	author={Zhang, Hongwei and Ahmad, Saleh and Liu, Guangjun},
	booktitle={2013 IEEE International Conference on Robotics and Automation},
	pages={3034--3039},
	year={2013},
	organization={IEEE}
}

@inproceedings{friction_comp::gulan2015nonlinear,
	title={Nonlinear model predictive control with moving horizon estimation of a pendubot system},
	author={Gulan, Martin and Salaj, Michal and others},
	booktitle={2015 20th International Conference on Process Control (PC)},
	pages={226--231},
	year={2015},
	organization={IEEE}
}




