@article{learn_based:hewing2020learning,
  title={Learning-based model predictive control: Toward safe learning in control},
  author={Hewing, Lukas and Wabersich, Kim P and Menner, Marcel and Zeilinger, Melanie N},
  journal={Annual Review of Control, Robotics, and Autonomous Systems},
  volume={3},
  pages={269--296},
  year={2020},
  publisher={Annual Reviews}
}
