@inproceedings{misc::carpentier2019pinocchio,
  title={The Pinocchio C++ library: A fast and flexible implementation of rigid body dynamics algorithms and their analytical derivatives},
  author={Carpentier, Justin and Saurel, Guilhem and Buondonno, Gabriele and Mirabel, Joseph and Lamiraux, Florent and Stasse, Olivier and Mansard, Nicolas},
  booktitle={2019 IEEE/SICE International Symposium on System Integration (SII)},
  pages={614--619},
  year={2019},
  organization={IEEE}
}

@article{misc::colledanchise2021implementation,
  title={On the implementation of behavior trees in robotics},
  author={Colledanchise, Michele and Natale, Lorenzo},
  journal={IEEE Robotics and Automation Letters},
  volume={6},
  number={3},
  pages={5929--5936},
  year={2021},
  publisher={IEEE}
}

@article{misc::kashiri2019centauro,
  title={Centauro: A hybrid locomotion and high power resilient manipulation platform},
  author={Kashiri and others},
  journal={IEEE RAL},
  volume={4},
  number={2},
  pages={1595--1602},
  year={2019},
  publisher={IEEE}
}

@article{misc:song2023reaching,
	title={Reaching the limit in autonomous racing: Optimal control versus reinforcement learning},
	author={Song, Yunlong and Romero, Angel and M{\"u}ller, Matthias and Koltun, Vladlen and Scaramuzza, Davide},
	journal={Science Robotics},
	volume={8},
	number={82},
	pages={eadg1462},
	year={2023},
	publisher={American Association for the Advancement of Science}
}

@article{misc:carpentier2021recent,
	title={Recent progress in legged robots locomotion control},
	author={Carpentier, Justin and Wieber, Pierre-Brice},
	journal={Current Robotics Reports},
	volume={2},
	number={3},
	pages={231--238},
	year={2021},
	publisher={Springer}
}

@article{misc:dang2020graph,
	title={Graph-based subterranean exploration path planning using aerial and legged robots},
	author={Dang, Tung and Tranzatto, Marco and Khattak, Shehryar and Mascarich, Frank and Alexis, Kostas and Hutter, Marco},
	journal={Journal of Field Robotics},
	volume={37},
	number={8},
	pages={1363--1388},
	year={2020},
	publisher={Wiley Online Library}
}

@InProceedings{misc:pmlr-v164-rudin22a,
	title = 	 {Learning to Walk in Minutes Using Massively Parallel Deep Reinforcement Learning},
	author =       {Rudin, Nikita and Hoeller, David and Reist, Philipp and Hutter, Marco},
	booktitle = 	 {Proceedings of the 5th Conference on Robot Learning},
	pages = 	 {91--100},
	year = 	 {2022},
	editor = 	 {Faust, Aleksandra and Hsu, David and Neumann, Gerhard},
	volume = 	 {164},
	series = 	 {Proceedings of Machine Learning Research},
	month = 	 {08--11 Nov},
	publisher =    {PMLR},
	pdf = 	 {https://proceedings.mlr.press/v164/rudin22a/rudin22a.pdf},
	url = 	 {https://proceedings.mlr.press/v164/rudin22a.html},
}
