@inproceedings{reg_braking::yoong2010studies,
	title={Studies of regenerative braking in electric vehicle},
	author={Yoong and others},
	booktitle={2010 IEEE CSUDET},
	pages={40--45},
	year={2010},
	organization={IEEE}
}

@article{reg_braking::seok2014design,
	title={Design principles for energy-efficient legged locomotion and implementation on the MIT cheetah robot},
	author={Seok and others},
	journal={Ieee/asme transactions on mechatronics},
	volume={20},
	number={3},
	pages={1117--1129},
	year={2014},
	publisher={IEEE}
}

@inproceedings{reg_braking::kivanc2016regenerative,
	title={On regenerative braking capability of BLDC motor},
	author={Kivanc, Omer Cihan and Ustun, Ozgur and Tosun, Gurkan and Tuncay, Ramazan Nejat},
	booktitle={IECON 2016-42nd Annual Conference of the IEEE Industrial Electronics Society},
	pages={1710--1715},
	year={2016},
	organization={IEEE}
}

@inproceedings{reg_braking::riyadi2019analysis,
	title={Analysis and design of BLDC motor control in regenerative braking},
	author={Riyadi, Slamet and Setianto, YB Dwi},
	booktitle={2019 International Symposium on Electrical and Electronics Engineering (ISEE)},
	pages={211--215},
	year={2019},
	organization={IEEE}
}
