

@article{num_algo::nakamura1986inverse,
	title={Inverse kinematic solutions with singularity robustness for robot manipulator control},
	author={Nakamura, Yoshihiko and Hanafusa, Hideo},
	year={1986}
}


