@inproceedings{to::ferrolho2021inverse,
	title={Inverse dynamics vs. forward dynamics in direct transcription formulations for trajectory optimization},
	author={Ferrolho and others},
	booktitle={2021 IEEE ICRA},
	pages={12752--12758},
	year={2021},
	organization={IEEE}
}

@article{to::horizon_to,
  title={Horizon: a trajectory optimization framework for robotic systems},
  author={Ruscelli and others},
  journal={Frontiers in Robotics and AI},
  volume={9},
  year={2022},
  publisher={Frontiers Media SA}
}

@article{to::ruscelli2022prototyping,
  title={Prototyping fast and agile motions for legged robots with Horizon},
  author={Ruscelli, Francesco and Laurenzi, Arturo and Tsagarakis, Nikos G and Hoffman, Enrico Mingo},
  journal={arXiv preprint arXiv:2206.08587},
  year={2022}
}

@article{to::andersson2019casadi,
  title={CasADi: a software framework for nonlinear optimization and optimal control},
  author={Andersson, Joel AE and Gillis, Joris and Horn, Greg and Rawlings, James B and Diehl, Moritz},
  journal={Mathematical Programming Computation},
  volume={11},
  number={1},
  pages={1--36},
  year={2019},
  publisher={Springer}
}

@article{to::to_survey,
  title={Survey of numerical methods for trajectory optimization},
  author={Betts, John T},
  journal={Journal of guidance, control, and dynamics},
  volume={21},
  number={2},
  pages={193--207},
  year={1998}
}

@book{to::betts2010practical,
	title={Practical methods for optimal control and estimation using nonlinear programming},
	author={Betts, John T},
	year={2010},
	publisher={SIAM}
}

@article{to::bock1984multiple,
  title={A multiple shooting algorithm for direct solution of optimal control problems},
  author={Bock, Hans Georg and Plitt, Karl-Josef},
  journal={IFAC Proceedings Volumes},
  volume={17},
  number={2},
  pages={1603--1608},
  year={1984},
  publisher={Elsevier}
}

@article{to::mastalli2022inverse,
  title={Inverse-Dynamics MPC via Nullspace Resolution},
  author={Mastalli and others},
  journal={arXiv preprint arXiv:2209.05375},
  year={2022}
}
