% submissions
@article{opt_jump_iros23,
	author = {Andrea Patrizi and Francesco Ruscelli and Arturo Laurenzi and Nikos G. Tsagarakis},
	title = {Optimal Design of Agile Jumping Maneuvers for a Single Leg System},
	journal = {2023 IEEE/RSJ International Conference on Intelligent Robots and Systems (IROS)},
	year = {2023},
	note = {Resubmitted to 2023 IEEE-RAS Humanoids conference},
}

@article{opt_jump_humanoids23,
	author = {Andrea Patrizi and Francesco Ruscelli and Arturo Laurenzi and Nikos G. Tsagarakis},
	title = {Optimal Design of Agile Jumping Maneuvers for a Single Leg System},
	journal = {2023 IEEE-RAS International Conference on Humanoid Robots (Humanoids)},
	year = {2023},
	note = {Accepted.},
}
